<?xml version="1.0" encoding="UTF-8"?><collection xmlns="http://www.loc.gov/MARC21/slim"><record><leader>00394nam--2200133-i-4500</leader><controlfield tag="001">000005989</controlfield><controlfield tag="002">20161230</controlfield><controlfield tag="005">20170306225144</controlfield><controlfield tag="008">060222s1000------------r-----000-0-eng-d</controlfield><datafield ind1=" " ind2=" " tag="100"><subfield code="a">Dansgaard, W</subfield></datafield><datafield ind1=" " ind2=" " tag="245"><subfield code="a">The isotopic composition of natural waters with special reference to the Greenland ice cap</subfield></datafield><datafield ind1=" " ind2=" " tag="260"><subfield code="a">Kobenhavn</subfield><subfield code="b">Reitzels Forlag</subfield><subfield code="c">1961</subfield></datafield><datafield ind1=" " ind2=" " tag="300"><subfield code="a">120 p</subfield></datafield><datafield ind1=" " ind2=" " tag="CAT"><subfield code="a">SYS</subfield><subfield code="c">20170306</subfield><subfield code="h">225144</subfield></datafield></record></collection>